@article{euler1785,
    author = {Leonhard Euler},
    year = 1785,
    title = {Some paper}
}